<?xml version="1.0" encoding="UTF-8"?><collection><record><leader>07556ntm a2200541 a 4500</leader><controlfield tag="001">006805286</controlfield><controlfield tag="003">MiAaHDL</controlfield><controlfield tag="005">20190719000000.0</controlfield><controlfield tag="006">m        d        </controlfield><controlfield tag="007">cr bn ---auaua</controlfield><controlfield tag="008">090531s1656    xx            00| ||ara d</controlfield><datafield tag="035" ind1=" " ind2=" "><subfield code="a">(MiU)006805286</subfield></datafield><datafield tag="035" ind1=" " ind2=" "><subfield code="a">sdr-miu006805286</subfield></datafield><datafield tag="040" ind1=" " ind2=" "><subfield code="a">MiU</subfield><subfield code="c">MiU</subfield><subfield code="e">amremm</subfield></datafield><datafield tag="043" ind1=" " ind2=" "><subfield code="a">n-us-mi</subfield></datafield><datafield tag="100" ind1="1" ind2=" "><subfield code="6">880-01</subfield><subfield code="a">Ghayṭī, Muḥammad ibn Aḥmad,</subfield><subfield code="d">1504 or 1505-1573 or 1574.</subfield></datafield><datafield tag="240" ind1="1" ind2="0"><subfield code="6">880-02</subfield><subfield code="a">Miʻrāj al-Nabī</subfield></datafield><datafield tag="245" ind1="1" ind2="0"><subfield code="6">880-03</subfield><subfield code="a">Hādhā Miʻrāj al-Nabī,</subfield><subfield code="f">[1066, i.e. 1656].</subfield></datafield><datafield tag="246" ind1="3" ind2="0"><subfield code="i">Title in GAL:</subfield><subfield code="a">Qiṣṣat miʻrāj al-Nabī</subfield></datafield><datafield tag="260" ind1=" " ind2=" "><subfield code="c">[1656].</subfield></datafield><datafield tag="300" ind1=" " ind2=" "><subfield code="a">80 leaves :</subfield><subfield code="b">paper ;</subfield><subfield code="c">230 x 158 mm.</subfield></datafield><datafield tag="500" ind1=" " ind2=" "><subfield code="a">Shelfmark: Ann Arbor, University of Michigan, Special Collections Library, Isl. Ms. 600</subfield></datafield><datafield tag="500" ind1=" " ind2=" "><subfield code="a">Origin: As appears in scribal colophon on p.160, transcription completed finished the last day of Dhū al-Qaʻdah 1066 [ca. 19 September 1656]. As appears in preceding authorial colophon (also on p.160), composition completed 17 Rajab 979 [ca. 5 December 1571].</subfield></datafield><datafield tag="500" ind1=" " ind2=" "><subfield code="a">Accompanying materials: a. Inventory cataloguing slip in hand of Winifred Smeaton Thomas -- b. Acquisitions slip from Yahuda.</subfield></datafield><datafield tag="500" ind1=" " ind2=" "><subfield code="a">Former shelfmark: From interior of upper cover and label on lower cover "IL 345" (likely supplied by Yahuda, see acquisitions slip).</subfield></datafield><datafield tag="500" ind1=" " ind2=" "><subfield code="a">Binding: Pasteboards covered in purple and black mottled paper (sponge painted or faux marbled look) with black cloth over spine ; Type III binding (without flap) ; pastedowns and flyleaves (upper flyleaf lost) in brown wove paper ; never sewn (no evidence of stations, etc.), most bifolia split ; overall in poor condition with significant abrasion, delamination of boards, cover detached from textblock, etc. ; ill-fitting and likely not original ; serves as wrapper for unsewn gatherings.</subfield></datafield><datafield tag="500" ind1=" " ind2=" "><subfield code="a">Support: European laid paper with 6 laid lines per cm. (vertical), chain lines spaced 24-27 mm. apart (horizontal), and three crescents watermark (parallel to chains, 90 mm. long, see pp.130-131, etc.) ; some inclusions and knots visible, well-burnished and sturdy ; much staining ; replacement leaf (pp.85-86) in a European laid paper with 6 laid lines per cm. (horizontal), chain lines spaced 28-30 mm. apart (vertical), and three crescents watermark (perpendicular to chains, 87 mm. long), light cream, far less soiled.</subfield></datafield><datafield tag="500" ind1=" " ind2=" "><subfield code="a">Decoration: Some keywords rubricated, others accented with red (over extended horizontal strokes) ; textual dividers in the form of red discs.</subfield></datafield><datafield tag="500" ind1=" " ind2=" "><subfield code="a">Script: Naskh ; clear, compact 'Syrian', Egyptian or Ḥijāzī hand [?] in a medium line ; virtually serifless with only very slight effect of tilt to the left, counters of initial and final hāʼ, ṣād, ṭāʼ, etc. mainly open, other counters closed, pointing in strokes as well as distinct and conjoined dots, some elongation of horizontal strokes, some free assimilation of letters ; replacement leaf (fol.46/pp.85-86) supplied in a different hand, a 'Syrian' or Ḥijāzī naskh partially seriffed with tilt to the left, elongation of horizontal strokes, pointing in strokes, etc.</subfield></datafield><datafield tag="500" ind1=" " ind2=" "><subfield code="a">Layout: Written in 23 lines per page ; frame-ruled.</subfield></datafield><datafield tag="500" ind1=" " ind2=" "><subfield code="a">Collation: 8 V(80), i ; exclusively quinions ; most bifolia split (especially in the first five quires) ; quire numbering, initially in the form of whole words accompanied by collation note "بلغ مقابلة", then (from fourth quire on) in the form of Hindu-Arabic numerals in the upper outer corner of the opening recto of each quire ; catchwords present ; pagination in pencil, Western numerals, supplied during digitization.</subfield></datafield><datafield tag="500" ind1=" " ind2=" "><subfield code="a">Colophon: "Scribal," triangular, reads "تم المعارج بحمد الله وعونه وحسن توفيقه وكان الفراغ من كتابته يوم الاربعاء المبارك سلخ شهر الله الحرام ذي القعدة من شهور سنة ست وستين والف من الهجرة النبوية على صاحبها افضل الصلاة والسلام ولا حول ولا قوة الا بالله العلي العظيم وصلى الله على سيدنا محمد واله وصحبه وسلم"</subfield></datafield><datafield tag="500" ind1=" " ind2=" "><subfield code="a">Explicit: "وقالوا مر رسول الله صلى الله عليه وسلم من هذا الطريق رواه ابو ليلى والبزار باسناد صحيح فنسأل الله تعالى ان يمدنا بمدد سيد المرسلين وان يجعلنا لاقواله وافعاله من المتبعين ... امين قال مؤلفه نفعنا الله تعالى به في الدنيا والاخرة وكان الفراغ من تكملته [نسخه] عشية نهار الاربعاء سابع عشر رجب الفرد سنة تسع وسبعين وتسعمائة احسن الله تقضيها وبارك لي في ايامها ولياليها جعل ذلك خالصا لوجه الكريم وموجبا للفوز بجنات النعيم امين قال الحافظ ابو الفضل بن حجر العسقلاني رحمه الله تعالى هنيئا لاصحاب خير الورى ... عسى الله يجمعنا كلنا برحمته معه في داره"</subfield></datafield><datafield tag="500" ind1=" " ind2=" "><subfield code="a">Incipit: "الحمد لله الذي رفع قدر نبينا محمد صلى الله عليه وسلم في الدنيا والاخرى واسرى به ليلا من المسجد الحرام الى المسجد الاقصى ... وبعد فقد قال الله تعالى في كتابه المبين وهو اصدق القائلين بسم الله الرحمن الرحيم سبحان الذي اسرى بعبده ليلا من المسجد الحرام الى المسجد الاقصى الذي باركنا حوله لنريه من اياتنا انه هو السميع البصير وسنتكلم ان شاء الله تعالى على بعض فوائد هذه الاية الكريمة وعلى فوائد بعض ايات من اول سورة والنجم ثم نورد حديث قصة الاسرى والمعراج ونتكلم على بعض فوائد ذلك ان شاء الله ..."</subfield></datafield><datafield tag="500" ind1=" " ind2=" "><subfield code="a">Title from 'title page' (p.1).</subfield></datafield><datafield tag="500" ind1=" " ind2=" "><subfield code="a">Ms. codex.</subfield></datafield><datafield tag="510" ind1="4" ind2=" "><subfield code="a">Brockelmann, C. GAL,</subfield><subfield code="c">II 338-39 (no.5)</subfield></datafield><datafield tag="520" ind1="8" ind2=" "><subfield code="a">Well-annotated copy of the account of the miʻrāj, the Prophet's ascension to Heaven, by Muḥammad ibn Aḥmad al-Ghayṭī (d.1573).</subfield></datafield><datafield tag="538" ind1=" " ind2=" "><subfield code="a">Mode of access: Internet.</subfield></datafield><datafield tag="541" ind1=" " ind2=" "><subfield code="a">Acquired in 1926 from the bookseller Isaac Benjamin S.E. Yahuda via purchase transacted on his behalf by Abraham Shalom Yahuda (1877-1951), his younger brother.</subfield></datafield><datafield tag="546" ind1=" " ind2=" "><subfield code="a">Arabic.</subfield></datafield><datafield tag="561" ind1=" " ind2=" "><subfield code="a">Collation statement partially visible on 'title page' (p.1) reads "عدة كر[اريسها] ۸" ; ownership statement (partially effaced) on 'title page' (p.1) in name of one ʻAbd al-Raḥmān [?] reads "بعد انتقاله فهو على ملك الفقير الحاج عبد الرحمن [؟] ...؟ عفي الله عنه" ; numerous collation marks "بلغ" ; extensive glosses and marginal corrections (marked with assorted signes de renvoi).</subfield></datafield><datafield tag="600" ind1="0" ind2="0"><subfield code="a">Muḥammad,</subfield><subfield code="c">Prophet,</subfield><subfield code="d">-632</subfield><subfield code="x">Isrāʼ and Mirʻāj</subfield><subfield code="v">Early works to 1800.</subfield></datafield><datafield tag="650" ind1=" " ind2="0"><subfield code="a">Manuscripts, Arabic</subfield><subfield code="z">Michigan</subfield><subfield code="z">Ann Arbor.</subfield></datafield><datafield tag="773" ind1="0" ind2=" "><subfield code="a">Yahuda Collection.</subfield></datafield><datafield tag="880" ind1="1" ind2="0"><subfield code="6">245-03/</subfield><subfield code="a">هذا معراج النبي,</subfield><subfield code="f">[1066ه، 1656م].</subfield></datafield><datafield tag="880" ind1="1" ind2="0"><subfield code="6">240-02/</subfield><subfield code="a">معراج النبي</subfield></datafield><datafield tag="880" ind1="1" ind2=" "><subfield code="6">100-01/</subfield><subfield code="a">غيطي، محمد بن احمد.</subfield></datafield><datafield tag="CID" ind1=" " ind2=" "><subfield code="a">006805286</subfield></datafield><datafield tag="DAT" ind1="0" ind2=" "><subfield code="a">20190719102637.0</subfield><subfield code="b">20190719000000.0</subfield></datafield><datafield tag="DAT" ind1="1" ind2=" "><subfield code="a">20190719090653.0</subfield><subfield code="b">2019-07-19T16:11:31Z</subfield></datafield><datafield tag="DAT" ind1="2" ind2=" "><subfield code="a">2015-10-02T18:00:03Z</subfield></datafield><datafield tag="CAT" ind1=" " ind2=" "><subfield code="a">SDR-MIU</subfield><subfield code="d">EX LIBRIS - ALEPH</subfield><subfield code="l">prepare.pl-004-008</subfield></datafield><datafield tag="FMT" ind1=" " ind2=" "><subfield code="a">BK</subfield></datafield><datafield tag="HOL" ind1=" " ind2=" "><subfield code="0">sdr-miu006805286</subfield><subfield code="a">MiU</subfield><subfield code="b">SDR</subfield><subfield code="c">MIU</subfield><subfield code="p">mdp.39015079127273</subfield><subfield code="s">MIU</subfield><subfield code="1">006805286</subfield></datafield><datafield tag="974" ind1=" " ind2=" "><subfield code="b">MIU</subfield><subfield code="c">MIU</subfield><subfield code="d">20190719</subfield><subfield code="s">lit-dlps-dc</subfield><subfield code="u">mdp.39015079127273</subfield><subfield code="y">1656</subfield><subfield code="r">pd</subfield><subfield code="q">bib</subfield><subfield code="t">non-US bib date1 &lt; 1879</subfield></datafield></record></collection>